
@article{aliFakeNewsFacebook2022,
	title = {Fake news on Facebook: examining the impact of heuristic cues on perceived credibility and sharing intention},
	author = {*Ali, Khudejah and Li, Cong and Zain-ul-abdin, Khawaja and Zaffar, Muhammad Adeel},
	year = {2022},
	date = {2022},
	journal = {Internet research},
	pages = {379--397},
	volume = {32},
	number = {1},
	note = {ISBN: 1066-2243
Publisher: Emerald Publishing Limited}
}

@article{allenScalingFactcheckingUsing2021,
	title = {Scaling up fact-checking using the wisdom of crowds},
	author = {*Allen, Jennifer and Arechar, Antonio A. and Pennycook, Gordon and Rand, David G.},
	year = {2021},
	date = {2021},
	journal = {Science advances},
	pages = {eabf4393},
	volume = {7},
	number = {36},
	note = {ISBN: 2375-2548
Publisher: American Association for the Advancement of Science}
}

@article{altayPeopleAreSkeptical2023,
	title = {People Are Skeptical of Headlines Labeled as AI-Generated, Even if True or Human-Made, Because They Assume Full AI Automation},
	author = {*Altay, Sacha and Gilardi, Fabrizio},
	doi = {10.31234/osf.io/83k9r},
	langid = {en-us}
}

@article{arecharUnderstandingCombattingMisinformation2023,
	title = {Understanding and combatting misinformation across 16 countries on six continents},
	author = {*Arechar, Antonio A. and Allen, Jennifer and Berinsky, Adam J. and Cole, Rocky and Epstein, Ziv and Garimella, Kiran and Gully, Andrew and Lu, Jackson G. and Ross, Robert M. and Stagnaro, Michael N. and Zhang, Yunhao and Pennycook, Gordon and Rand, David G.},
	year = {2023},
	month = {09},
	date = {2023-09},
	journal = {Nature Human Behaviour},
	pages = {1502--1513},
	volume = {7},
	number = {9},
	doi = {10.1038/s41562-023-01641-6},
	url = {https://www.nature.com/articles/s41562-023-01641-6},
	note = {Publisher: Nature Publishing Group},
	langid = {en}
}

@article{altayIfThisAccount2022,
	title = {{\textquotedblleft}If This account is True, It is Most Enormously Wonderful{\textquotedblright}: Interestingness-If-True and the Sharing of True and False News},
	author = {*Altay, Sacha and de Araujo, Emma and Mercier, Hugo},
	year = {2022},
	month = {03},
	date = {2022-03-16},
	journal = {Digital Journalism},
	pages = {373--394},
	volume = {10},
	number = {3},
	doi = {10.1080/21670811.2021.1941163},
	url = {https://www.tandfonline.com/doi/full/10.1080/21670811.2021.1941163},
	langid = {en}
}

@techreport{altayImpactNewsMedia2022,
	title = {The impact of news media and digital platform use on awareness of and belief in COVID-19 misinformation},
	author = {*Altay, Sacha and Nielsen, Rasmus Kleis and Fletcher, Richard},
	year = {2022},
	month = {03},
	date = {2022-03-22},
	doi = {10.31234/osf.io/7tm3s},
	url = {https://osf.io/7tm3s},
	note = {DOI: 10.31234/osf.io/7tm3s},
	langid = {en}
}

@article{aslettOnlineSearchesEvaluate2024,
	title = {Online searches to evaluate misinformation can increase its perceived veracity},
	author = {*Aslett, Kevin and Sanderson, Zeve and Godel, William and Persily, Nathaniel and Nagler, Jonathan and Tucker, Joshua A.},
	year = {2024},
	month = {01},
	date = {2024-01},
	journal = {Nature},
	pages = {548--556},
	volume = {625},
	number = {7995},
	doi = {10.1038/s41586-023-06883-y},
	url = {https://www.nature.com/articles/s41586-023-06883-y},
	note = {Publisher: Nature Publishing Group},
	langid = {en}
}

@article{badrinathanEducativeInterventionsCombat2021,
	title = {Educative Interventions to Combat Misinformation: Evidence from a Field Experiment in India},
	author = {*Badrinathan, Sumitra},
	year = {2021},
	month = {11},
	date = {2021-11},
	journal = {American Political Science Review},
	pages = {1325--1341},
	volume = {115},
	number = {4},
	doi = {10.1017/S0003055421000459},
	url = {https://www.cambridge.org/core/product/identifier/S0003055421000459/type/journal_article},
	langid = {en}
}

@article{bagoFakeNewsFast2020,
	title = {Fake news, fast and slow: Deliberation reduces belief in false (but not true) news headlines.},
	author = {*Bago, Bence and Rand, David G. and Pennycook, Gordon},
	year = {2020},
	month = {08},
	date = {2020-08},
	journal = {Journal of Experimental Psychology: General},
	pages = {1608--1613},
	volume = {149},
	number = {8},
	doi = {10.1037/xge0000729},
	url = {http://doi.apa.org/getdoi.cfm?doi=10.1037/xge0000729},
	langid = {en}
}

@article{bagoEmotionMayPredict2022,
	title = {Emotion may predict susceptibility to fake news but emotion regulation does not seem to help},
	author = {*Bago, Bence and Rosenzweig, Leah R. and Berinsky, Adam J. and Rand, David G.},
	year = {2022},
	month = {06},
	date = {2022-06-24},
	journal = {Cognition and Emotion},
	pages = {1--15},
	doi = {10.1080/02699931.2022.2090318},
	url = {https://www.tandfonline.com/doi/full/10.1080/02699931.2022.2090318},
	langid = {en}
}

@article{basolPsychologicalHerdImmunity2021,
	title = {Towards psychological herd immunity: Cross-cultural evidence for two prebunking interventions against COVID-19 misinformation},
	author = {*Basol, Melisa and Roozenbeek, Jon and Berriche, Manon and Uenal, Fatih and McClanahan, William P. and Linden, Sander van der},
	year = {2021},
	month = {01},
	date = {2021-01},
	journal = {Big Data & Society},
	pages = {205395172110138},
	volume = {8},
	number = {1},
	doi = {10.1177/20539517211013868},
	url = {http://journals.sagepub.com/doi/10.1177/20539517211013868},
	langid = {en}
}

@article{brashierTimingMattersWhen2021,
	title = {Timing matters when correcting fake news},
	author = {*Brashier, Nadia M. and Pennycook, Gordon and Berinsky, Adam J. and Rand, David G.},
	year = {2021},
	month = {02},
	date = {2021-02-02},
	journal = {Proceedings of the National Academy of Sciences},
	pages = {e2020043118},
	volume = {118},
	number = {5},
	doi = {10.1073/pnas.2020043118},
	url = {https://pnas.org/doi/full/10.1073/pnas.2020043118},
	langid = {en}
}

@article{bronsteinBeliefFakeNews2019,
	title = {Belief in Fake News is Associated with Delusionality, Dogmatism, Religious Fundamentalism, and Reduced Analytic Thinking},
	author = {*Bronstein, Michael V. and Pennycook, Gordon and Bear, Adam and Rand, David G. and Cannon, Tyrone D.},
	year = {2019},
	month = {03},
	date = {2019-03},
	journal = {Journal of Applied Research in Memory and Cognition},
	pages = {108--117},
	volume = {8},
	number = {1},
	doi = {10.1016/j.jarmac.2018.09.005},
	url = {https://linkinghub.elsevier.com/retrieve/pii/S2211368118301050},
	langid = {en}
}

@article{bryanovWhatDrivesPerceptions2023,
	title = {What Drives Perceptions of Foreign News Coverage Credibility? A Cross-National Experiment Including Kazakhstan, Russia, and Ukraine},
	author = {*Bryanov, Kirill and Kliegl, Reinhold and Koltsova, Olessia and Miltsov, Alex and Pashakhin, Sergei and Porshnev, Alexander and Sinyavskaya, Yadviga and Terpilovskii, Maksim and Vziatysheva, Victoria},
	year = {2023},
	month = {03},
	date = {2023-03-04},
	journal = {Political Communication},
	pages = {115--146},
	volume = {40},
	number = {2},
	doi = {10.1080/10584609.2023.2172492},
	url = {https://www.tandfonline.com/doi/full/10.1080/10584609.2023.2172492},
	langid = {en}
}

@article{chenWhatMakesNews2023,
	title = {What makes news sharable on social media?},
	author = {*Chen, Xi and Pennycook, Gordon and Rand, David},
	year = {2023},
	date = {2023},
	journal = {Journal of Quantitative Description: Digital Media},
	volume = {3},
	note = {ISBN: 2673-8813}
}

@article{claytonRealSolutionsFake2020,
	title = {Real Solutions for Fake News? Measuring the Effectiveness of General Warnings and Fact-Check Tags in Reducing Belief in False Stories on Social Media},
	author = {*Clayton, Katherine and Blair, Spencer and Busam, Jonathan A. and Forstner, Samuel and Glance, John and Green, Guy and Kawata, Anna and Kovvuri, Akhila and Martin, Jonathan and Morgan, Evan and Sandhu, Morgan and Sang, Rachel and Scholz-Bright, Rachel and Welch, Austin T. and Wolff, Andrew G. and Zhou, Amanda and Nyhan, Brendan},
	year = {2020},
	month = {12},
	date = {2020-12},
	journal = {Political Behavior},
	pages = {1073--1095},
	volume = {42},
	number = {4},
	doi = {10.1007/s11109-019-09533-0},
	url = {http://link.springer.com/10.1007/s11109-019-09533-0},
	langid = {en}
}

@article{diasEmphasizingPublishersDoes2020,
	title = {Emphasizing publishers does not effectively reduce susceptibility to misinformation on social media},
	author = {*Dias, Nicholas and Pennycook, Gordon and Rand, David G.},
	year = {2020},
	month = {01},
	date = {2020-01-14},
	journal = {Harvard Kennedy School Misinformation Review},
	doi = {10.37016/mr-2020-001},
	url = {https://misinforeview.hks.harvard.edu/article/emphasizing-publishers-does-not-reduce-misinformation/},
	langid = {en}
}

@article{epsteinSocialMediaContext2023,
	title = {The social media context interferes with truth discernment},
	author = {*Epstein, Ziv and Sirlin, Nathaniel and Arechar, Antonio and Pennycook, Gordon and Rand, David},
	year = {2023},
	date = {2023},
	journal = {Science Advances},
	pages = {eabo6169},
	volume = {9},
	number = {9},
	note = {ISBN: 2375-2548
Publisher: American Association for the Advancement of Science}
}

@article{erlichProKremlinDisinformationEffective2023,
	title = {Is pro-Kremlin Disinformation Effective? Evidence from Ukraine},
	author = {*Erlich, Aaron and Garner, Calvin},
	year = {2023},
	month = {01},
	date = {2023-01},
	journal = {The International Journal of Press/Politics},
	pages = {5--28},
	volume = {28},
	number = {1},
	doi = {10.1177/19401612211045221},
	url = {http://journals.sagepub.com/doi/10.1177/19401612211045221},
	langid = {en}
}

@article{leeHowPoliticalIdentity2023,
	title = {How Political Identity and Misinformation Priming Affect Truth Judgments and Sharing Intention of Partisan News},
	author = {*Lee, Eun-Ju and Jang, Jeong-woo},
	year = {2023},
	month = {01},
	date = {2023-01-06},
	journal = {Digital Journalism},
	pages = {1--20},
	volume = {0},
	number = {0},
	doi = {10.1080/21670811.2022.2163413},
	url = {https://doi.org/10.1080/21670811.2022.2163413},
	note = {Publisher: Routledge
{\_}eprint: https://doi.org/10.1080/21670811.2022.2163413}
}

@article{faragoHungarianLazyBiased2023,
	title = {Hungarian, lazy, and biased: the role of analytic thinking and partisanship in fake news discernment on a Hungarian representative sample},
	author = {{*Faragó}, Laura and {Krekó}, {Péter} and Orosz, {Gábor}},
	year = {2023},
	month = {01},
	date = {2023-01-05},
	journal = {Scientific Reports},
	pages = {178},
	volume = {13},
	number = {1},
	doi = {10.1038/s41598-022-26724-8},
	url = {https://www.nature.com/articles/s41598-022-26724-8},
	langid = {en}
}

@article{fazioCombatingMisinformationMegastudy2024,
	title = {Combating misinformation: A megastudy of nine interventions designed to reduce the sharing of and belief in false and misleading headlines},
	author = {*Fazio, Lisa and Rand, David and Lewandowsky, Stephan and Susmann, Mark and Berinsky, Adam J. and Guess, Andrew and Kendeou, Panayiota and Lyons, Benjamin and Miller, Joanne and Newman, Eryn and Pennycook, Gordon and Swire-Thompson, Briony},
	doi = {10.31234/osf.io/uyjha},
	langid = {en-us}
}

@article{garrettConservativesSusceptibilityPolitical2021,
	title = {Conservatives{\textquoteright} susceptibility to political misperceptions},
	author = {*Garrett, R. Kelly and Bond, Robert M.},
	year = {2021},
	month = {06},
	date = {2021-06-04},
	journal = {Science Advances},
	pages = {eabf1234},
	volume = {7},
	number = {23},
	doi = {10.1126/sciadv.abf1234},
	url = {https://www.science.org/doi/10.1126/sciadv.abf1234},
	langid = {en}
}

@article{gawronskiTruthSensitivityPartisan2023,
	title = {Truth sensitivity and partisan bias in responses to misinformation.},
	author = {*Gawronski, Bertram and Ng, Nyx L. and Luke, Dillon M.},
	year = {2023},
	month = {08},
	date = {2023-08},
	journal = {Journal of Experimental Psychology: General},
	pages = {2205--2236},
	volume = {152},
	number = {8},
	doi = {10.1037/xge0001381},
	url = {http://doi.apa.org/getdoi.cfm?doi=10.1037/xge0001381},
	langid = {en}
}

@article{gottliebReducingMisinformationPolarized2022,
	title = {Reducing Misinformation in a Polarized Context: Experimental Evidence from Côte d{\textquoteright}Ivoire},
	author = {*Gottlieb, Jessica and Adida, Claire and Moussa, Richard},
	doi = {10.31219/osf.io/6x4wy},
	langid = {en-us}
}

@article{guessDigitalMediaLiteracy2020,
	title = {A digital media literacy intervention increases discernment between mainstream and false news in the United States and India},
	author = {*Guess, Andrew M. and Lerner, Michael and Lyons, Benjamin and Montgomery, Jacob M. and Nyhan, Brendan and Reifler, Jason and Sircar, Neelanjan},
	year = {2020},
	month = {07},
	date = {2020-07-07},
	journal = {Proceedings of the National Academy of Sciences},
	pages = {15536--15545},
	volume = {117},
	number = {27},
	doi = {10.1073/pnas.1920498117},
	url = {http://www.pnas.org/lookup/doi/10.1073/pnas.1920498117},
	langid = {en}
}

@article{guessUnbundlingDigitalMedia2024,
	title = {Unbundling Digital Media Literacy Tips: Results from Two Experiments},
	author = {*Guess, Andrew and McGregor, Shannon and Pennycook, Gordon and Rand, David},
	doi = {10.31234/osf.io/u34fp},
	langid = {en-us}
}

@article{hameleersMistakenlyMisinformedIntentionally2023,
	title = {Mistakenly misinformed or intentionally deceived? Mis{-} and Disinformation perceptions on the Russian War in Ukraine among citizens in 19 countries},
	author = {*Hameleers, Michael and Tulin, Marina and De Vreese, Claes and Aalberg, Toril and Van Aelst, Peter and Cardenal, Ana Sofia and Corbu, Nicoleta and Van Erkel, Patrick and Esser, Frank and Gehle, Luisa and Halagiera, Denis and Hopmann, David and {Koc{-}Michalska}, Karolina and Matthes, {Jörg} and Meltzer, Christine and Mihelj, Sabina and Schemer, Christian and Sheafer, Tamir and Splendore, Sergio and Stanyr, James and Stepinska, Agnieszka and Stetka, Vaclav and {Strömbäck}, Jesper and Terren, Ludovic and Theocharis, Yannis and Zoizner, Alon},
	year = {2023},
	month = {12},
	date = {2023-12-12},
	journal = {European Journal of Political Research},
	pages = {1475--6765.12646},
	doi = {10.1111/1475-6765.12646},
	url = {https://ejpr.onlinelibrary.wiley.com/doi/10.1111/1475-6765.12646},
	langid = {en}
}

@article{clemmvonhohenbergTruthBiasLeft2023,
	title = {Truth and Bias, Left and Right: Testing Ideological Asymmetries with a Realistic News Supply},
	author = {*Clemm Von Hohenberg, Bernhard},
	year = {2023},
	month = {07},
	date = {2023-07-13},
	journal = {Public Opinion Quarterly},
	pages = {267--292},
	volume = {87},
	number = {2},
	doi = {10.1093/poq/nfad013},
	url = {https://academic.oup.com/poq/article/87/2/267/7147091},
	langid = {en}
}

@article{koetkeFallibilitySalienceIncreases2023,
	title = {Fallibility Salience Increases Intellectual Humility: Implications for People{\textquoteright}s Willingness to Investigate Political Misinformation},
	author = {*Koetke, Jonah and Schumann, Karina and Porter, Tenelle and Smilo-Morgan, Ilse},
	year = {2023},
	month = {05},
	date = {2023-05-01},
	journal = {Personality and Social Psychology Bulletin},
	pages = {806--820},
	volume = {49},
	number = {5},
	doi = {10.1177/01461672221080979},
	url = {https://doi.org/10.1177/01461672221080979},
	note = {Publisher: SAGE Publications Inc},
	langid = {en}
}

@article{krepsAssessingMisinformationRecall2023,
	title = {Assessing misinformation recall and accuracy perceptions: Evidence from the COVID-19 pandemic},
	author = {*Kreps, Sarah E. and Kriner, Douglas L.},
	year = {2023},
	month = {10},
	date = {2023-10-03},
	journal = {Harvard Kennedy School Misinformation Review},
	doi = {10.37016/mr-2020-123},
	url = {https://misinforeview.hks.harvard.edu/article/assessing-misinformation-recall-and-accuracy-perceptions-evidence-from-the-covid-19-pandemic/},
	langid = {canadian}
}

@article{luhringEmotionsMisinformationStudies2023,
	title = {Emotions in misinformation studies: Distinguishing affective state from emotional response and misinformation recognition from acceptance},
	author = {{*Lühring}, Jula and Shetty, Apeksha and Koschmieder, Corinna and Garcia, David and Waldherr, Annie and Metzler, Hannah},
	doi = {10.31234/osf.io/udqms},
	langid = {en-us}
}

@article{luoCredibilityPerceptionsDetection2022,
	title = {Credibility Perceptions and Detection Accuracy of Fake News Headlines on Social Media: Effects of Truth-Bias and Endorsement Cues},
	author = {*Luo, Mufan and Hancock, Jeffrey T. and Markowitz, David M.},
	year = {2022},
	month = {03},
	date = {2022-03},
	journal = {Communication Research},
	pages = {171--195},
	volume = {49},
	number = {2},
	doi = {10.1177/0093650220921321},
	url = {http://journals.sagepub.com/doi/10.1177/0093650220921321},
	langid = {en}
}

@article{lutzkePrimingCriticalThinking2019,
	title = {Priming critical thinking: Simple interventions limit the influence of fake news about climate change on Facebook},
	author = {*Lutzke, Lauren and Drummond, Caitlin and Slovic, Paul and {Árvai}, Joseph},
	year = {2019},
	month = {09},
	date = {2019-09},
	journal = {Global Environmental Change},
	pages = {101964},
	volume = {58},
	doi = {10.1016/j.gloenvcha.2019.101964},
	url = {https://linkinghub.elsevier.com/retrieve/pii/S0959378019307009},
	langid = {en}
}

@article{lyonsReduceBlindSpots2024,
	title = {Reduce blind spots to improve news discernment? Performance feedback reduces overconfidence but does not improve subsequent discernment},
	author = {*Lyons, Benjamin and Modirrousta-Galian, Ariana and Altay, Sacha and Salovich, Nikita Antonia},
	year = {2024},
	month = {02},
	date = {2024-02-28},
	doi = {10.31219/osf.io/kgfrb},
	url = {https://osf.io/kgfrb},
	note = {Publisher: OSF},
	langid = {en-us}
}

@article{lyonsHealthMediaLiteracy2024,
	title = {A health media literacy intervention increases skepticism of both inaccurate and accurate cancer news among U.S. adults},
	author = {*Lyons, Benjamin and King, Andy J. and Kaphingst, Kimberly},
	doi = {10.31219/osf.io/hm9ty},
	langid = {en}
}

@techreport{maertensMisinformationSusceptibilityTest2021,
	title = {The Misinformation Susceptibility Test (MIST): A psychometrically validated measure of news veracity discernment},
	author = {*Maertens, Rakoen and {Götz}, Friedrich Martin and Schneider, Claudia R. and Roozenbeek, Jon and Kerr, John R and Stieger, Stefan and McClanahan, William Patrick and Drabot, Karly and Linden, Sander van der},
	year = {2021},
	month = {07},
	date = {2021-07-06},
	doi = {10.31234/osf.io/gk68h},
	url = {https://osf.io/gk68h},
	note = {DOI: 10.31234/osf.io/gk68h},
	langid = {en}
}

@article{maertensMisinformationSusceptibilityTest2024,
	title = {The Misinformation Susceptibility Test (MIST): A psychometrically validated measure of news veracity discernment},
	author = {*Maertens, Rakoen and {Götz}, Friedrich M. and Golino, Hudson F. and Roozenbeek, Jon and Schneider, Claudia R. and Kyrychenko, Yara and Kerr, John R. and Stieger, Stefan and McClanahan, William P. and Drabot, Karly and He, James and van der Linden, Sander},
	year = {2024},
	month = {03},
	date = {2024-03-01},
	journal = {Behavior Research Methods},
	pages = {1863--1899},
	volume = {56},
	number = {3},
	doi = {10.3758/s13428-023-02124-2},
	url = {https://doi.org/10.3758/s13428-023-02124-2},
	langid = {en}
}

@article{espinamairalInteractiveCrowdsourcingFactcheck2023,
	title = {Interactive crowdsourcing to fact-check politicians.},
	author = {*Espina Mairal, Santos and Bustos, Florencia and Solovey, Guillermo and Navajas, {Joaquín}},
	year = {2023},
	month = {08},
	date = {2023-08-31},
	journal = {Journal of Experimental Psychology: Applied},
	doi = {10.1037/xap0000492},
	url = {http://doi.apa.org/getdoi.cfm?doi=10.1037/xap0000492},
	langid = {en}
}

@article{martelRelianceEmotionPromotes2020,
	title = {Reliance on emotion promotes belief in fake news},
	author = {*Martel, Cameron and Pennycook, Gordon and Rand, David G.},
	year = {2020},
	month = {12},
	date = {2020-12},
	journal = {Cognitive Research: Principles and Implications},
	pages = {47},
	volume = {5},
	number = {1},
	doi = {10.1186/s41235-020-00252-3},
	url = {https://cognitiveresearchjournal.springeropen.com/articles/10.1186/s41235-020-00252-3},
	langid = {en}
}

@article{modirrousta-galianEffectsInductiveLearning2023,
	title = {Effects of inductive learning and gamification on news veracity discernment},
	author = {*Modirrousta-Galian, Ariana and Higham, Philip A. and Seabrooke, Tina},
	year = {2023},
	date = {2023},
	journal = {Journal of Experimental Psychology: Applied},
	pages = {599--619},
	volume = {29},
	number = {3},
	doi = {10.1037/xap0000458},
	note = {Place: US
Publisher: American Psychological Association}
}

@article{mudaPeopleAreWorse2023,
	title = {People are worse at detecting fake news in their foreign language},
	author = {*Muda, {Rafa{\l}} and Pennycook, Gordon and Hamerski, Damian and {Bia{\l}ek}, {Micha{\l}}},
	year = {2023},
	date = {2023},
	journal = {Journal of Experimental Psychology: Applied},
	pages = {712--724},
	volume = {29},
	number = {4},
	doi = {10.1037/xap0000475},
	note = {Place: US
Publisher: American Psychological Association}
}

@article{oroszProsocialFakeNews2023,
	title = {A prosocial fake news intervention with durable effects},
	author = {*Orosz, {Gábor} and Paskuj, Benedek and {Faragó}, Laura and {Krekó}, {Péter}},
	year = {2023},
	month = {03},
	date = {2023-03-09},
	journal = {Scientific Reports},
	pages = {3958},
	volume = {13},
	number = {1},
	doi = {10.1038/s41598-023-30867-7},
	url = {https://www.nature.com/articles/s41598-023-30867-7},
	note = {Publisher: Nature Publishing Group},
	langid = {en}
}

@article{pehlivanogluRoleAnalyticalReasoning2021,
	title = {The role of analytical reasoning and source credibility on the evaluation of real and fake full-length news articles},
	author = {*Pehlivanoglu, Didem and Lin, Tian and Deceus, Farha and Heemskerk, Amber and Ebner, Natalie C. and Cahill, Brian S.},
	year = {2021},
	month = {12},
	date = {2021-12},
	journal = {Cognitive Research: Principles and Implications},
	pages = {24},
	volume = {6},
	number = {1},
	doi = {10.1186/s41235-021-00292-3},
	url = {https://cognitiveresearchjournal.springeropen.com/articles/10.1186/s41235-021-00292-3},
	langid = {en}
}

@article{pennycookPriorExposureIncreases2018,
	title = {Prior exposure increases perceived accuracy of fake news.},
	author = {*Pennycook, Gordon and Cannon, Tyrone D. and Rand, David G.},
	year = {2018},
	month = {12},
	date = {2018-12},
	journal = {Journal of Experimental Psychology: General},
	pages = {1865--1880},
	volume = {147},
	number = {12},
	doi = {10.1037/xge0000465},
	url = {http://doi.apa.org/getdoi.cfm?doi=10.1037/xge0000465},
	langid = {en}
}

@article{pennycookLazyNotBiased2019,
	title = {Lazy, not biased: Susceptibility to partisan fake news is better explained by lack of reasoning than by motivated reasoning},
	author = {*Pennycook, Gordon and Rand, David G.},
	year = {2019},
	month = {07},
	date = {2019-07},
	journal = {Cognition},
	pages = {39--50},
	volume = {188},
	doi = {10.1016/j.cognition.2018.06.011},
	url = {https://linkinghub.elsevier.com/retrieve/pii/S001002771830163X},
	langid = {en}
}

@article{pennycookWhoFallsFake2020,
	title = {Who falls for fake news? The roles of bullshit receptivity, overclaiming, familiarity, and analytic thinking},
	author = {*Pennycook, Gordon and Rand, David G.},
	year = {2020},
	month = {04},
	date = {2020-04},
	journal = {Journal of Personality},
	pages = {185--200},
	volume = {88},
	number = {2},
	doi = {10.1111/jopy.12476},
	url = {https://onlinelibrary.wiley.com/doi/10.1111/jopy.12476},
	langid = {en}
}

@article{pennycookFightingCOVID19Misinformation2020a,
	title = {Fighting COVID-19 Misinformation on Social Media: Experimental Evidence for a Scalable Accuracy-Nudge Intervention},
	author = {*Pennycook, Gordon and McPhetres, Jonathon and Zhang, Yunhao and Lu, Jackson G. and Rand, David G.},
	year = {2020},
	month = {07},
	date = {2020-07},
	journal = {Psychological Science},
	pages = {770--780},
	volume = {31},
	number = {7},
	doi = {10.1177/0956797620939054},
	url = {https://journals.sagepub.com/doi/10.1177/0956797620939054},
	langid = {en}
}

@article{pennycookPracticalGuideDoing2021,
	title = {A Practical Guide to Doing Behavioral Research on Fake News and Misinformation},
	author = {*Pennycook, Gordon and Binnendyk, Jabin and Newton, Christie and Rand, David G.},
	year = {2021},
	month = {07},
	date = {2021-07-13},
	journal = {Collabra: Psychology},
	pages = {25293},
	volume = {7},
	number = {1},
	doi = {10.1525/collabra.25293},
	url = {https://ucprc.silverchair.com/collabra/article/7/1/25293/117809/A-Practical-Guide-to-Doing-Behavioral-Research-on},
	langid = {en}
}

@article{pereiraInoculationReducesMisinformation2023,
	title = {Inoculation Reduces Misinformation: Experimental Evidence from Multidimensional Interventions in Brazil},
	author = {*Pereira, Frederico Batista and Bueno, {Natália S.} and Nunes, Felipe and {Pavão}, Nara},
	year = {2023},
	month = {07},
	date = {2023-07-11},
	journal = {Journal of Experimental Political Science},
	pages = {1--12},
	doi = {10.1017/XPS.2023.11},
	url = {https://www.cambridge.org/core/journals/journal-of-experimental-political-science/article/inoculation-reduces-misinformation-experimental-evidence-from-multidimensional-interventions-in-brazil/204E3EDCDAC90DF941F140FBEE847BBD},
	langid = {en}
}

@article{arinAbilityDetectingWillingness2023,
	title = {Ability of detecting and willingness to share fake news},
	author = {*Arin, K. Peren and Mazrekaj, Deni and Thum, Marcel},
	year = {2023},
	month = {05},
	date = {2023-05-05},
	journal = {Scientific Reports},
	pages = {7298},
	volume = {13},
	number = {1},
	doi = {10.1038/s41598-023-34402-6},
	url = {https://www.nature.com/articles/s41598-023-34402-6},
	note = {Publisher: Nature Publishing Group},
	langid = {en}
}

@techreport{oecdInternationalEffortUsing2022,
	title = {An international effort using behavioural science to tackle the spread of misinformation},
	author = {*OECD, },
	year = {2022},
	month = {10},
	date = {2022-10-20},
	doi = {10.1787/b7709d4f-en},
	url = {https://www.oecd-ilibrary.org/governance/an-international-effort-using-behavioural-science-to-tackle-the-spread-of-misinformation_b7709d4f-en},
	note = {Series: OECD Public Governance Policy Papers
Volume: 21
DOI: 10.1787/b7709d4f-en},
	langid = {en}
}

@article{rathjeAccuracySocialMotivations2023,
	title = {Accuracy and social motivations shape judgements of (mis)information},
	author = {*Rathje, Steve and Roozenbeek, Jon and Van Bavel, Jay J. and Van Der Linden, Sander},
	year = {2023},
	month = {03},
	date = {2023-03-06},
	journal = {Nature Human Behaviour},
	doi = {10.1038/s41562-023-01540-w},
	url = {https://www.nature.com/articles/s41562-023-01540-w},
	langid = {en}
}

@article{roozenbeekSusceptibilityMisinformationCOVID192020,
	title = {Susceptibility to misinformation about COVID-19 around the world},
	author = {*Roozenbeek, Jon and Schneider, Claudia R. and Dryhurst, Sarah and Kerr, John and Freeman, Alexandra L. J. and Recchia, Gabriel and van der Bles, Anne Marthe and van der Linden, Sander},
	year = {2020},
	month = {10},
	date = {2020-10},
	journal = {Royal Society Open Science},
	pages = {201199},
	volume = {7},
	number = {10},
	doi = {10.1098/rsos.201199},
	url = {https://royalsocietypublishing.org/doi/10.1098/rsos.201199},
	langid = {en}
}

@article{roozenbeekSusceptibilityMisinformationConsistent2022,
	title = {Susceptibility to misinformation is consistent across question framings and response modes and better explained by myside bias and partisanship than analytical thinking},
	author = {*Roozenbeek, Jon and Maertens, Rakoen and Herzog, Stefan M and Geers, Michael and Kurvers, Ralf and Sultan, Mubashir},
	year = {2022},
	date = {2022},
	journal = {Judgment and Decision Making},
	pages = {27},
	volume = {17},
	number = {3},
	langid = {en}
}

@article{rosenzweigHappinessSurpriseAre2021,
	title = {Happiness and surprise are associated with worse truth discernment of COVID-19 headlines among social media users in Nigeria},
	author = {*Rosenzweig, Leah R. and Bago, Bence and Berinsky, Adam J. and Rand, David G.},
	year = {2021},
	month = {08},
	date = {2021-08-10},
	journal = {Harvard Kennedy School Misinformation Review},
	doi = {10.37016/mr-2020-75},
	url = {https://misinforeview.hks.harvard.edu/article/happiness-and-surprise-are-associated-with-worse-truth-discernment-of-covid-19-headlines-among-social-media-users-in-nigeria/},
	langid = {en}
}

@article{rossFakeNewsSocial2018,
	title = {Fake News on Social Media: The (In)Effectiveness of Warning Messages},
	author = {*Ross, {Björn} and Heisel, Jennifer and Jung, Anna-Katharina and Stieglitz, Stefan},
	year = {2018},
	date = {2018},
	langid = {en}
}

@article{rossFakeNewsAnalytic2021,
	title = {Beyond {\textquotedblleft}fake news{\textquotedblright}: Analytic thinking and the detection of false and hyperpartisan news headlines},
	author = {*Ross, Robert M and Rand, David G and Pennycook, Gordon},
	year = {2021},
	date = {2021},
	journal = {Judgment and Decision Making},
	pages = {22},
	volume = {16},
	number = {2},
	langid = {en}
}

@article{shirikovFakeNewsAll2024,
	title = {Fake News for All: How Citizens Discern Disinformation in Autocracies},
	author = {*Shirikov, Anton},
	year = {2024},
	month = {01},
	date = {2024-01-02},
	journal = {Political Communication},
	pages = {45{\textendash}65},
	volume = {41},
	number = {1},
	doi = {10.1080/10584609.2023.2257618},
	url = {https://doi.org/10.1080/10584609.2023.2257618},
	note = {Publisher: Routledge
{\_}eprint: https://doi.org/10.1080/10584609.2023.2257618}
}

@article{smelterPicturesRepeatedExposure2020,
	title = {Pictures and repeated exposure increase perceived accuracy of news headlines},
	author = {*Smelter, Thomas J. and Calvillo, Dustin P.},
	year = {2020},
	month = {09},
	date = {2020-09},
	journal = {Applied Cognitive Psychology},
	pages = {1061--1071},
	volume = {34},
	number = {5},
	doi = {10.1002/acp.3684},
	url = {https://onlinelibrary.wiley.com/doi/10.1002/acp.3684},
	langid = {en}
}

@article{stagnaroIncreasingAccuracyMotivations2023,
	title = {Increasing accuracy motivations using moral reframing does not reduce Republicans{\textquoteright} belief in false news},
	author = {*Stagnaro, Michael and Pink, Sophia and Rand, David G. and Willer, Robb},
	year = {2023},
	month = {11},
	date = {2023-11-06},
	journal = {Harvard Kennedy School Misinformation Review},
	doi = {10.37016/mr-2020-128},
	url = {https://misinforeview.hks.harvard.edu/article/increasing-accuracy-motivations-using-moral-reframing-does-not-reduce-republicans-belief-in-false-news/},
	langid = {canadian}
}

@article{winterDontStopBelieving2024,
	title = {(Don{\textquoteright}t) Stop Believing: A Signal Detection Approach to Risk and Protective Factors for Engagement with Politicized (Mis)Information in Social Media},
	author = {*Winter, Stephan and Valenzuela, {Sebastián} and Santos, Marcelo Luis Barbosa and Schreyer, Tobias and Iwertowski, Lena and Rothmund, Tobias},
	doi = {10.31234/osf.io/84c36}
}

@article{hlatkyUnintendedConsequencesRussian2024,
	title = {Unintended Consequences? Russian Disinformation and Public Opinion},
	author = {*Hlatky, Roman},
	doi = {10.31219/osf.io/85vmt},
	langid = {en-us}
}

@article{altayMediaLiteracyTips2024,
	title = {Media literacy tips promoting reliable news improve discernment and enhance trust in traditional media},
	author = {*Altay, Sacha and De Angelis, Andrea and Hoes, Emma},
	year = {2024},
	month = {08},
	date = {2024-08-14},
	journal = {Communications Psychology},
	pages = {1--9},
	volume = {2},
	number = {1},
	doi = {10.1038/s44271-024-00121-5},
	url = {https://www.nature.com/articles/s44271-024-00121-5},
	note = {Publisher: Nature Publishing Group},
	langid = {en}
}

@article{lyonsPartisanshipOlderAmericans2023,
	title = {Partisanship and older Americans{\textquoteright} engagement with dubious political news},
	author = {*Lyons, Benjamin and Montgomery, Jacob and Reifler, Jason},
	doi = {10.31219/osf.io/etb89},
	langid = {en-us}
}

@article{sultanTimePressureReduces2022a,
	title = {Time pressure reduces misinformation discrimination ability but does not alter response bias},
	author = {*Sultan, Mubashir and Tump, Alan N. and Geers, Michael and Lorenz-Spreen, Philipp and Herzog, Stefan M. and Kurvers, Ralf H. J. M.},
	year = {2022},
	month = {12},
	date = {2022-12-27},
	journal = {Scientific Reports},
	pages = {22416},
	volume = {12},
	number = {1},
	doi = {10.1038/s41598-022-26209-8},
	url = {https://www.nature.com/articles/s41598-022-26209-8},
	note = {Publisher: Nature Publishing Group},
	langid = {en}
}

@article{altayExposureHigherRates2024,
	title = {Exposure to Higher Rates of False News Erodes Media Trust and Fuels Overconfidence},
	author = {*Altay, Sacha and Lyons, Benjamin A. and Modirrousta-Galian, Ariana},
	year = {2024},
	month = {08},
	date = {2024-08-07},
	journal = {Mass Communication and Society},
	pages = {1--25},
	doi = {10.1080/15205436.2024.2382776},
	url = {https://www.tandfonline.com/doi/full/10.1080/15205436.2024.2382776},
	langid = {en}
}

@article{modirrousta-galianWordlessWisdomDominant2024,
	title = {Wordless wisdom: The dominant role of tacit knowledge in true and fake news discrimination.},
	author = {*Modirrousta-Galian, Ariana and Higham, Philip A. and Seabrooke, Tina},
	year = {2024},
	date = {2024},
	journal = {Journal of Applied Research in Memory and Cognition},
	note = {ISBN: 2211-369X
Publisher: Educational Publishing Foundation}
}
